<?xml version="1.0" encoding="UTF-8"?><record xmlns="http://www.loc.gov/MARC21/slim" xmlns:cinclude="http://apache.org/cocoon/include/1.0" xmlns:zs="http://www.loc.gov/zing/srw/">
  <leader>00761cz  a2200157n  4500</leader>
  <controlfield tag="001">n  80020537 </controlfield>
  <controlfield tag="003">DLC</controlfield>
  <controlfield tag="005">20090513074844.0</controlfield>
  <controlfield tag="008">800724n| acannaabn          |b ana      </controlfield>
  <datafield tag="010" ind1=" " ind2=" ">
    <subfield code="a">n  80020537 </subfield>
  </datafield>
  <datafield tag="035" ind1=" " ind2=" ">
    <subfield code="a">(OCoLC)oca00402906</subfield>
  </datafield>
  <datafield tag="040" ind1=" " ind2=" ">
    <subfield code="a">DLC</subfield>
    <subfield code="b">eng</subfield>
    <subfield code="c">DLC</subfield>
    <subfield code="d">OCoLC</subfield>
    <subfield code="d">WaU</subfield>
  </datafield>
  <datafield tag="110" ind1="1" ind2=" ">
    <subfield code="a">United States.</subfield>
    <subfield code="b">Bureau of Public Roads.</subfield>
    <subfield code="b">Office of Engineering and Operations</subfield>
  </datafield>
  <datafield tag="510" ind1="1" ind2=" ">
    <subfield code="w">a</subfield>
    <subfield code="a">United States.</subfield>
    <subfield code="b">Bureau of Public Roads.</subfield>
    <subfield code="b">Office of Operations</subfield>
  </datafield>
  <datafield tag="510" ind1="1" ind2=" ">
    <subfield code="a">United States.</subfield>
    <subfield code="b">Federal Highway Administration.</subfield>
    <subfield code="b">Office of Engineering</subfield>
  </datafield>
  <datafield tag="670" ind1=" " ind2=" ">
    <subfield code="a">Report of operations on Forest Highway System, 1962:</subfield>
    <subfield code="b">t.p. (Department of Commerce, Bureau of Public Roads, Office of Engineering and Operations); 1961 t.p. (Department of Commerce, Bureau of Public Roads, Office of Operations)</subfield>
  </datafield>
</record>